@book{stallings2006,
  title={Organizaci{\'o}n y arquitectura de computadores},
  author={Stallings, William and Vargas, Antonio Ca{\~n}as and Espinosa, Alberto Prieto},
  volume={5},
  year={2006},
  publisher={Prentice Hall}
}

@book{mlodinow2010,
  title={Euclid's window: the story of geometry from parallel lines to hyperspace},
  author={Mlodinow, Leonard},
  year={2010},
  publisher={Simon and Schuster}
}

@article{senovilla2005,
  title={La Cosmolog{\i}a y los matem{\'a}ticos},
  author={Senovilla, Jos{\'e} MM},
  journal={La Gaceta de la RSME},
  volume={8},
  pages={597--636},
  year={2005}
}